@article{candela2016vilfredo,
    title   = {Vilfredo Pareto's Theory of Action: an Alternative to Behavioral Economics},
    author  = {Candela, Rosolino and Wagner, Richard E},
    journal = {Il Pensiero Economico Italiano},
    volume  = {24},
    number  = {2},
    pages   = {15--28},
    year    = {2016}
}

@article{chirumbolo2010personality,
    title     = {Personality and politics: The role of the HEXACO model of personality in predicting ideology and voting},
    author    = {Chirumbolo, Antonio and Leone, Luigi},
    journal   = {Personality and Individual Differences},
    volume    = {49},
    number    = {1},
    pages     = {43--48},
    year      = {2010},
    publisher = {Elsevier}
}

@article{hill1997liberal,
    title     = {The liberal-conservative ideology of US senators: a new measure},
    author    = {Hill, Kim Quaile and Hanna, Stephen and Shafqat, Sahar},
    journal   = {American Journal of Political Science},
    pages     = {1395--1413},
    year      = {1997},
    publisher = {JSTOR}
}

@book{kahneman2011thinking,
    title     = {Thinking, fast and slow},
    author    = {Kahneman, Daniel},
    year      = {2011},
    publisher = {Macmillan}
}

@article{perhac1996does,
    title     = {Does risk aversion make a case for conservatism},
    author    = {Perhac Jr, Ralph M},
    journal   = {Risk},
    volume    = {7},
    pages     = {297},
    year      = {1996},
    publisher = {HeinOnline}
}

@article{teghtsoonian1993neo,
    title     = {Neo-conservative ideology and opposition to federal regulation of child care services in the United States and Canada},
    author    = {Teghtsoonian, Katherine},
    journal   = {Canadian Journal of Political Science/Revue canadienne de science politique},
    volume    = {26},
    number    = {1},
    pages     = {97--121},
    year      = {1993},
    publisher = {Cambridge University Press}
}

@article{vandivier2020preliminary,
    title     = {Preliminary attitudinal trends in alternative postsecondary learning},
    author    = {Vandivier, John},
    journal   = {Applied Economics Letters},
    pages     = {1--4},
    year      = {2020},
    publisher = {Taylor \& Francis}
}

@misc{dataset_vandivier,
    doi = {10.17632/75T88S6SDT.1},
    url = {https://data.mendeley.com/datasets/75t88s6sdt/1},
    author = {Vandivier, John},
    keywords = {Economics, Education},
    title = {Attitudinal Survey on Alternative Credentials},
    publisher = {Mendeley},
    year = {2019}
}


@article{crede2017much,
    title={Much ado about grit: A meta-analytic synthesis of the grit literature.},
    author={Cred{\'e}, Marcus and Tynan, Michael C and Harms, Peter D},
    journal={Journal of Personality and social Psychology},
    volume={113},
    number={3},
    pages={492},
    year={2017},
    publisher={American Psychological Association}
}

@article{perkins2013significance,
    title={The significance of grit: A conversation with Angela Lee Duckworth},
    author={Perkins-Gough, Deborah},
    journal={Educational Leadership},
    volume={71},
    number={1},
    pages={14--20},
    year={2013}
}

@article{schmidt2018same,
    title={Same same, but different? Relations between facets of conscientiousness and grit},
    author={Schmidt, Fabian TC and Nagy, Gabriel and Fleckenstein, Johanna and M{\"o}ller, Jens and Retelsdorf, Jan},
    journal={European Journal of Personality},
    volume={32},
    number={6},
    pages={705--720},
    year={2018},
    publisher={Wiley Online Library}
}
