@article{van1979coming,
  title={The Coming Crisis in Student Aid: Report of the 1978 Aspen Institute Conference on Student Aid Policy.},
  author={Van Dusen, William D},
  journal={Journal of Student Financial Aid},
  volume={9},
  number={1},
  pages={3--18},
  year={1979},
  publisher={ERIC}
}

@article{friedman2019student,
  title={Student loan debt statistics in 2019: A $1.5 trillion crisis},
  author={Friedman, Zack},
  journal={Forbes, February},
  volume={25},
  year={2019}
}

@article{nces2016percentexclusivelydistance,
  title={Digest of Education Statistics 2016. Table 311.15: Number and percentage of students enrolled in degree-granting postsecondary institutions, by distance education participation, location of student, level of enrollment, and control and level of institution: Fall 2014 and fall 2015},
  author={Thomas D. Snyder, Cristobal de Brey, Sally A. Dillow},
  year={2016},
  publisher={National Center for Education Statistics}
}

@article{craig2019welcome,
  title={Welcome To The Third Age Of Online Education},
  author={Craig, Ryan},
  journal={Forbes. https://www.forbes.com/sites/ryancraig/2019/12/06/welcome-to-the-third-age-of-online-education/#7db6794b676c},
  year={2019}
}

 @misc{foundation_2017, title={A History of Federal Student Financial Aid}, url={https://lookingback.luminafoundation.org/}, journal={Lumina}, author={Foundation, Lumina}, year={2017}}

@book{tabs2003distance,
  title={Distance education at degree-granting postsecondary institutions: 2000-2001},
  author={Tabs, ED and Waits, Tiffany and Lewis, Laurie},
  year={2003},
  publisher={Citeseer}
}

@book{wollscheid2012rise,
  title={Rise and burst of the dotcom bubble: causes, characteristics, examples},
  author={Wollscheid, Christian},
  year={2012},
  publisher={GRIN Verlag}
}

 @misc{ferrer_2019, title={History of Online Education}, url={https://thebestschools.org/magazine/online-education-history/}, journal={TheBestSchools.org}, author={Ferrer, David}, year={2019}}

@article{sikora2002profile,
  title={A profile of participation in distance education: 1999-2000},
  author={Sikora, A and Carroll, CD},
  journal={Editorial Note},
  volume={4},
  number={4},
  pages={48},
  year={2002},
  publisher={ERIC}
}

@article{radford2011learning,
  title={Learning at a Distance: Undergraduate Enrollment in Distance Education Courses and Degree Programs. Stats in Brief. NCES 2012-154.},
  author={Radford, Alexandria Walton},
  journal={National Center for Education Statistics},
  year={2011},
  publisher={ERIC}
}

@misc{horn2008disrupting,
  title={Disrupting class: How disruptive innovation will change the way the world learns},
  author={Horn, Michael B and Johnson, Clayton W},
  year={2008},
  publisher={New York: McGraw-Hill}
}

 @misc{tucker_2018, title={Sal Khan creates online academy to educate anyone in world for free}, url={https://www.sfchronicle.com/visionsf/article/Sal-Khan-creates-online-academy-to-educate-anyone-12511884.php}, journal={San Francisco Chronicle}, publisher={San Francisco Chronicle}, author={Tucker, Jill}, year={2018}, month={Jan}}

@misc{friedman2014mooc,
  title={The MOOC revolution that wasnâ€™t. TechCrunch},
  author={Friedman, Dan},
  year={2014}
}

 @misc{shen_2015, title={Sebastian Thrun: Udacity Announces For-Credit Course Pilot with San Jose State University}, url={https://blog.udacity.com/2013/01/sebastian-thrun-udacity-announces-for.html}, journal={Udacity}, author={Shen, Clarissa}, year={2015}, month={Jul}}

@misc{onink2013georgia,
  title={Georgia Tech, Udacity Shock Higher Ed With $7,000 Degree. Forbes},
  author={Onink, Troy},
  year={2013}
}

 @misc{shah_2018, title={Udacity Expands Its Blended Learning Initiative to 14 Different Cities in 9 countries - Class Central}, url={https://www.classcentral.com/report/udacity-connect-blended-learning-expansion/}, journal={Class Central's MOOCReport}, author={Shah, Dhawal}, year={2018}, month={Oct}}

 @misc{cushing_2017, title={Playworks is Top 10 Education Finalist in Global 100&Change Competition}, url={https://www.playworks.org/news/playworks-is-top-10-education-finalist-in-global-100change-competition/}, journal={Playworks}, author={Cushing, Elizabeth}, year={2017}, month={Dec}}

 @misc{conrad_2016, title={An Update on 100&Change: Administrative Review}, url={https://www.macfound.org/press/perspectives/update-100change-applications/}, journal={MacArthur Foundation}, publisher={MacArthur Foundation}, author={Conrad, Cecilia}, year={2016}, month={Dec}}

 @misc{khan_academy_sat_2017, title={Studying for the SAT for 20 hours on Khan Academy associated with 115-point average score increase}, url={https://www.khanacademy.org/about/blog/post/160451329150/studying-for-the-sat-for-20-hours-on-khan-academy}, journal={Khan Academy}, author={Khan Academy}, year={2017}, month={May}}

 @misc{khan_academy_partner_2017, title={Khan Academy is the Official Practice Partner for AP}, url={https://www.khanacademy.org/about/blog/post/163503591115/khan-academy-is-the-official-practice-partner-for}, journal={Khan Academy}, author={Khan Academy}, year={2017}, month={Jul}}
