@article{abbasi2018analysis,
  title     = {Analysis of skill gap for business graduates: managerial perspective from banking industry},
  author    = {Abbasi, Farhad Khurshid and Ali, Amjad and Bibi, Naila},
  journal   = {Education+ Training},
  year      = {2018},
  publisher = {Emerald Publishing Limited}
}

@article{ahlheim1998contingent,
  title     = {Contingent valuation and the budget constraint},
  author    = {Ahlheim, Michael},
  journal   = {Ecological Economics},
  volume    = {27},
  number    = {2},
  pages     = {205--211},
  year      = {1998},
  publisher = {Elsevier}
}

@misc{arabia_2019,
  title   = {Survey: What Do Young Americans Really Think About Trade School?},
  url     = {https://www.bigrentz.com/blog/trade-school-survey},
  journal = {BigRentz},
  author  = {Arabia, Jim},
  year    = {2019},
  month   = {Feb}
}

@article{atzmuller2010experimental,
  title     = {Experimental vignette studies in survey research},
  author    = {Atzm{\"u}ller, Christiane and Steiner, Peter M},
  journal   = {Methodology},
  year      = {2010},
  publisher = {Hogrefe Publishing}
}
@article{bills2003credentials,
  title     = {Credentials, signals, and screens: Explaining the relationship between schooling and job assignment},
  author    = {Bills, David B},
  journal   = {Review of educational research},
  volume    = {73},
  number    = {4},
  pages     = {441--469},
  year      = {2003},
  publisher = {Sage Publications Sage CA: Thousand Oaks, CA}
}

@misc{blake_2018,
  title   = {Skills Quotient: The Solution to the CEO's Biggest Problem},
  url     = {https://blog.degreed.com/skills-quotient-solution-ceos-biggest-problem/},
  journal = {Degreed Blog},
  author  = {Blake, David},
  year    = {2018},
  month   = {Oct}
}

@article{boettke2004liberalism,
  title   = {Liberalism, socialism, and robust political economy},
  author  = {Boettke, Peter J and Leeson, Peter T},
  journal = {Journal of Markets and Morality},
  volume  = {7},
  number  = {1},
  pages   = {99--111},
  year    = {2004}
}

@inproceedings{brouer2017gender,
  title     = {Gender (in) consistent communication via social media and hireability: An exploratory study},
  author    = {Brouer, Robyn and Stefanone, Michael and Badawy, Rebecca and Egnoto, Mike},
  booktitle = {Proceedings of the 50th Hawaii International Conference on System Sciences},
  year      = {2017}
}

@inproceedings{brown2017complex,
  title        = {The complex universe of alternative postsecondary credentials and pathways},
  author       = {Brown, Jessie and Kurzweil, Martin},
  year         = {2017},
  organization = {American Academy of Arts and Sciences Cambridge, MA}
}

@inproceedings{brown2017complex,
  title        = {The complex universe of alternative postsecondary credentials and pathways},
  author       = {Brown, Jessie and Kurzweil, Martin},
  year         = {2017},
  organization = {American Academy of Arts and Sciences Cambridge, MA}
}

@article{bryant2013head,
  title   = {In head-hunting, big data may not be such a big deal},
  author  = {Bryant, Adam},
  journal = {The New York Times},
  volume  = {20},
  year    = {2013}
}

@article{burke2012accreditation,
  title     = {Accreditation: Removing the Barrier to Higher Education Reform. Backgrounder. No. 2728. Executive Summary.},
  author    = {Burke, Lindsey M and Butler, Stuart M},
  journal   = {Heritage Foundation},
  year      = {2012},
  publisher = {ERIC}
}

@article{burke2012accreditation,
  title     = {Accreditation: Removing the Barrier to Higher Education Reform. Backgrounder. No. 2728. Executive Summary.},
  author    = {Burke, Lindsey M and Butler, Stuart M},
  journal   = {Heritage Foundation},
  year      = {2012},
  publisher = {ERIC}
}

@article{byrne2009boomerang,
  title     = {The boomerang effect a synthesis of findings and a preliminary theoretical framework},
  author    = {Byrne, Sahara and Hart, Philip Solomon},
  journal   = {Annals of the International Communication Association},
  volume    = {33},
  number    = {1},
  pages     = {3--37},
  year      = {2009},
  publisher = {Taylor \& Francis}
}

@article{campagna2016strategic,
  title     = {Strategic consequences of emotional misrepresentation in negotiation: The blowback effect.},
  author    = {Campagna, Rachel L and Mislin, Alexandra A and Kong, Dejun Tony and Bottom, William P},
  journal   = {Journal of Applied Psychology},
  volume    = {101},
  number    = {5},
  pages     = {605},
  year      = {2016},
  publisher = {American Psychological Association}
}

@article{cao2011fear,
  title     = {Fear of the unknown: Familiarity and economic decisions},
  author    = {Cao, H Henry and Han, Bing and Hirshleifer, David and Zhang, Harold H},
  journal   = {Review of finance},
  volume    = {15},
  number    = {1},
  pages     = {173--206},
  year      = {2011},
  publisher = {Oxford University Press}
}

@misc{caplan_2012,
  title   = {Signaling Versus Educational Innovation},
  url     = {https://www.econlib.org/archives/2012/04/signaling_versu.html},
  journal = {Econlib},
  author  = {Caplan, Bryan},
  year    = {2012},
  month   = {Apr}
}

@book{caplan2018case,
  title     = {The case against education: Why the education system is a waste of time and money},
  author    = {Caplan, Bryan},
  year      = {2018},
  publisher = {Princeton University Press}
}

@article{car2019digital,
  title     = {Digital problem-based learning in health professions: systematic review and meta-analysis by the Digital Health Education Collaboration},
  author    = {Car, Lorainne Tudor and Kyaw, Bhone Myint and Dunleavy, Gerard and Smart, Neil A and Semwal, Monika and Rotgans, Jerome I and Low-Beer, Naomi and Campbell, James},
  journal   = {Journal of medical Internet research},
  year      = {2019},
  publisher = {JMIR Publications, Inc}
}

@article{carpenter2020we,
  title     = {We’re All Teachers Now: Remote Learning During COVID-19},
  author    = {Carpenter, Dick and Dunn, Joshua},
  journal   = {Journal of School Choice},
  volume    = {14},
  number    = {4},
  pages     = {567--594},
  year      = {2020},
  publisher = {Taylor \& Francis}
}

@article{conrad2008building,
  title     = {Building knowledge through portfolio learning in prior learning assessment and recognition},
  author    = {Conrad, Dianne},
  journal   = {Quarterly Review of Distance Education},
  volume    = {9},
  number    = {2},
  pages     = {139},
  year      = {2008},
  publisher = {Information Age Publishing}
}

@book{craig2018new,
  title     = {A new U: Faster+ cheaper alternatives to college},
  author    = {Craig, Ryan},
  year      = {2018},
  publisher = {BenBella Books}
}

@article{curcseu2019personality,
  title     = {Personality characteristics that are valued in teams: Not always “more is better”?},
  author    = {Cur{\c{s}}eu, Petru Lucian and Ilies, Remus and V{\^\i}rg{\u{a}}, Delia and Maricu{\c{t}}oiu, Lauren{\c{t}}iu and Sava, Florin A},
  journal   = {International Journal of Psychology},
  volume    = {54},
  number    = {5},
  pages     = {638--649},
  year      = {2019},
  publisher = {Wiley Online Library}
}

@misc{demographic2020,
  title     = {Most Americans Say Coronavirus Outbreak Has Impacted Their Lives},
  url       = {https://www.pewresearch.org/social-trends/2020/03/30/most-americans-say-coronavirus-outbreak-has-impacted-their-lives/},
  journal   = {Social and Demographic Trends Project},
  publisher = {Pew Research Center},
  author    = {Pew},
  year      = {2020},
  month     = {Sep}
}

@article{dennis2001skillful,
  title     = {The skillful use of higher education to protect White supremacy},
  author    = {Dennis, Michael},
  journal   = {The Journal of Blacks in Higher Education},
  number    = {32},
  pages     = {115--123},
  year      = {2001},
  publisher = {JSTOR}
}

@article{dunleavy2019mobile,
  title     = {Mobile digital education for health professions: systematic review and meta-analysis by the digital health education collaboration},
  author    = {Dunleavy, Gerard and Nikolaou, Charoula Konstantia and Nifakos, Sokratis and Atun, Rifat and Law, Gloria Chun Yi and Car, Lorainne Tudor},
  journal   = {Journal of medical Internet research},
  volume    = {21},
  number    = {2},
  pages     = {e12937},
  year      = {2019},
  publisher = {JMIR Publications Inc., Toronto, Canada}
}

 @misc{education_2021,
  title   = {ACE Credit-Accepting Institutions},
  url     = {https://www.acenet.edu/Programs-Services/Pages/Credit-Transcripts/Credit-Accepting-Institutions.aspx},
  journal = {Programs &amp; Services},
  author  = {Education, American Council on},
  year    = {2021},
  month   = {Mar}
}

@article{elster1989social,
  title   = {Social norms and economic theory},
  author  = {Elster, Jon},
  journal = {Journal of economic perspectives},
  volume  = {3},
  number  = {4},
  pages   = {99--117},
  year    = {1989}
}

@misc{empson_2013,
  title     = {Georgia Tech Teams Up With Udacity, AT\&T To Offer \$6K Master's Degree In Computer Science, Entirely Online},
  url       = {https://techcrunch.com/2013/05/15/top-10-engineering-college-teams-up-with-udacity-att-to-offer-6k-online-masters-degree-in-computer-science/},
  journal   = {TechCrunch},
  publisher = {TechCrunch},
  author    = {Empson, Rip},
  year      = {2013},
  month     = {May}
}
 
@article{esposito2018signaling,
  title  = {Signaling your Religion: How Strength of Religious Identity Presentation over Social Media Effects Hireability Assessments},
  author = {Esposito, Marie and Roth, Phil and Thatcher, Jason},
  year   = {2018}
}

@article{francesco1981gender,
  title     = {Gender and Sex as Determinants of Hireability of Applicants for Gender-Typed Jobs},
  author    = {Francesco, Anne Marie and Hakel, Milton D},
  journal   = {Psychology of Women Quarterly},
  volume    = {5},
  pages     = {747--757},
  year      = {1981},
  publisher = {Wiley Online Library}
}

@article{gingras2000there,
  title     = {Is there a skill gap in Canada?},
  author    = {Gingras, Yves and Roy, Richard},
  journal   = {Canadian Public Policy/Analyse de politiques},
  pages     = {S159--S174},
  year      = {2000},
  publisher = {JSTOR}
}

@article{giuseppe2015new,
  title   = {The new dawn of virtual reality in health care: medical simulation and experiential interface},
  author  = {Giuseppe, RIVA and Wiederhold, Brenda K},
  journal = {Stud. Health Technol. Inform},
  volume  = {219},
  pages   = {3--6},
  year    = {2015}
}





 @article{green2007there,
  title     = {Is there a genuine under-utilization of skills amongst the over-qualified?},
  author    = {Green, Francis and McIntosh, Steven},
  journal   = {Applied Economics},
  volume    = {39},
  number    = {4},
  pages     = {427--439},
  year      = {2007},
  publisher = {Taylor \& Francis}
}

@incollection{hellerstein2007production,
  title     = {Production function and wage equation estimation with heterogeneous labor: Evidence from a new matched employer-employee data set},
  author    = {Hellerstein, Judith K and Neumark, David},
  booktitle = {Hard-to-measure goods and services: Essays in honor of Zvi Griliches},
  pages     = {31--71},
  year      = {2007},
  publisher = {University of Chicago Press}
}

@misc{hess_2020,
  title     = {Google announces 100,000 scholarships for online certificates in data analytics, project management and UX},
  url       = {https://www.cnbc.com/2020/07/13/google-announces-certificates-in-data-project-management-and-ux.html},
  journal   = {CNBC},
  publisher = {CNBC},
  author    = {Hess, Abigail},
  year      = {2020},
  month     = {Jul}
}

@article{hikido2016whitened,
  title     = {Whitened rainbows: How white college students protect whiteness through diversity discourses},
  author    = {Hikido, Annie and Murray, Susan B},
  journal   = {Race Ethnicity and Education},
  volume    = {19},
  number    = {2},
  pages     = {389--411},
  year      = {2016},
  publisher = {Taylor \& Francis}
}

 @misc{horton_2020,
  title     = {Could micro-credentials compete with traditional degrees?},
  url       = {https://www.bbc.com/worklife/article/20200212-could-micro-credentials-compete-with-traditional-degrees},
  journal   = {BBC Worklife},
  publisher = {BBC},
  author    = {Horton, Anisa},
  year      = {2020},
  month     = {Feb}
} 

 @article{ingenbleek2013best,
  title     = {Best practices for new product pricing: Impact on market performance and price level under different conditions},
  author    = {Ingenbleek, Paul TM and Frambach, Ruud T and Verhallen, Theo MM},
  journal   = {Journal of Product Innovation Management},
  volume    = {30},
  number    = {3},
  pages     = {560--573},
  year      = {2013},
  publisher = {Wiley Online Library}
} 

@book{jaccard1996lisrel,
  title     = {LISREL approaches to interaction effects in multiple regression},
  author    = {Jaccard, James and Wan, Choi K and Jaccard, Jim},
  number    = {114},
  year      = {1996},
  publisher = {sage}
}

@book{jaccard1996lisrel,
  title     = {LISREL approaches to interaction effects in multiple regression},
  author    = {Jaccard, James and Wan, Choi K and Jaccard, Jim},
  number    = {114},
  year      = {1996},
  publisher = {sage}
}

@book{jaccard1996lisrel,
  title     = {LISREL approaches to interaction effects in multiple regression},
  author    = {Jaccard, James and Wan, Choi K and Jaccard, Jim},
  number    = {114},
  year      = {1996},
  publisher = {sage}
}

@article{jones2018alternative,
  title     = {Alternative Credentials for Workforce Development},
  author    = {Jones-Schenk, Jan and others},
  journal   = {The Journal of Continuing Education in Nursing},
  volume    = {49},
  number    = {10},
  pages     = {449--450},
  year      = {2018},
  publisher = {SLACK Incorporated}
}

@article{julich2005stockholm,
  title     = {Stockholm syndrome and child sexual abuse},
  author    = {J{\"u}lich, Shirley},
  journal   = {Journal of child sexual abuse},
  volume    = {14},
  number    = {3},
  pages     = {107--129},
  year      = {2005},
  publisher = {Taylor \& Francis}
}

@misc{kilduff_tasselli_landis_2018,
  title   = {Becoming More Conscientious},
  url     = {https://hbr.org/2018/03/becoming-more-conscientious},
  journal = {Harvard Business Review},
  author  = {Kilduff, Martin and Tasselli, Stefano and Landis, Blaine},
  year    = {2018},
  month   = {Mar}
}

@article{kyaw2019virtual,
  title     = {Virtual reality for health professions education: systematic review and meta-analysis by the digital health education collaboration},
  author    = {Kyaw, Bhone Myint and Saxena, Nakul and Posadzki, Pawel and Vseteckova, Jitka and Nikolaou, Charoula Konstantia and George, Pradeep Paul and Divakar, Ushashree and Masiello, Italo and Kononowicz, Andrzej A and Zary, Nabil and others},
  journal   = {Journal of medical Internet research},
  volume    = {21},
  number    = {1},
  pages     = {e12959},
  year      = {2019},
  publisher = {JMIR Publications Inc., Toronto, Canada}
}

@article{magezi2015linear,
  title     = {Linear mixed-effects models for within-participant psychology experiments: an introductory tutorial and free, graphical user interface (LMMgui)},
  author    = {Magezi, David A},
  journal   = {Frontiers in psychology},
  volume    = {6},
  pages     = {2},
  year      = {2015},
  publisher = {Frontiers}
}

 @article{malik2017great,
  title     = {“The great divide”: skill gap between the employer’s expectations and skills possessed by employees},
  author    = {Malik, Geetika and Venkatraman, A},
  journal   = {Industrial and Commercial Training},
  year      = {2017},
  publisher = {Emerald Publishing Limited}
} 

@book{mcgarry2016examination,
  title     = {An examination of perceived employability skills between employers and college graduates},
  author    = {McGarry, Kathryn Bernard},
  year      = {2016},
  publisher = {Northeastern University}
}

@article{menon2020factors,
  title     = {Factors influencing organizational agility in higher education},
  author    = {Menon, Shalini and Suresh, M},
  journal   = {Benchmarking: An International Journal},
  year      = {2020},
  publisher = {Emerald Publishing Limited}
}


@misc{miller_2021,
  title     = {Legislation Extends Student Loan Repayment Benefits for 5 Years},
  url       = {https://www.shrm.org/resourcesandtools/hr-topics/benefits/pages/legislation-extends-student-loan-repayment-benefits-for-5-years.aspx},
  journal   = {SHRM},
  publisher = {SHRM},
  author    = {Miller, Stephen},
  year      = {2021},
  month     = {Jan}
}

@article{nijs2019effects,
  title  = {The effects of non-native accents on hireability: A comparison of German-accented English, Spanish-accented English and American English in job interviews},
  author = {Nijs, N de},
  year   = {2019}
} 

@article{nyhan2015does,
  title     = {Does correcting myths about the flu vaccine work? An experimental evaluation of the effects of corrective information},
  author    = {Nyhan, Brendan and Reifler, Jason},
  journal   = {Vaccine},
  volume    = {33},
  number    = {3},
  pages     = {459--464},
  year      = {2015},
  publisher = {Elsevier}
}

@article{pachali2020omitted,
  title   = {Omitted Budget Constraint Bias and Implications for Competitive Pricing},
  author  = {Pachali, Max J and Kurz, Peter and Otter, Thomas},
  journal = {Available at SSRN 3044553},
  year    = {2020}
}

@article{quereshi1986physical,
  title     = {Physical attractiveness, age, and sex as determinants of reactions to resumes},
  author    = {Quereshi, Mohammed Y and Kay, Janet P},
  journal   = {Social Behavior and Personality: an international journal},
  volume    = {14},
  number    = {1},
  pages     = {103--112},
  year      = {1986},
  publisher = {Scientific Journal Publishers}
}

@article{raybould2005over,
  title     = {Over qualified and under experienced},
  author    = {Raybould, Mike and Wilkins, Hugh},
  journal   = {International journal of contemporary hospitality management},
  year      = {2005},
  publisher = {Emerald Group Publishing Limited}
}

@inproceedings{renier2018no,
  title        = {No Expectation, No Disappointment: How Does Meta-Accuracy Affect Hireability?},
  author       = {Renier, Laetitia Aur{\'e}lie and Kleinlogel, Emmanuelle P and Toma, Claudia and Schmid Mast, Marianne and Murphy, Nora A},
  booktitle    = {Academy of Management Proceedings},
  volume       = {2018},
  number       = {1},
  pages        = {13955},
  year         = {2018},
  organization = {Academy of Management Briarcliff Manor, NY 10510}
}

@book{rivera2016pedigree,
  title     = {Pedigree: How elite students get elite jobs},
  author    = {Rivera, Lauren A},
  year      = {2016},
  publisher = {Princeton University Press}
}

@article{robinson2005novel,
  title     = {Novel stimuli are negative stimuli: Evidence that negative affect is reduced in the mere exposure effect},
  author    = {Robinson, Brent M and Elias, Lorin J},
  journal   = {Perceptual and Motor Skills},
  volume    = {100},
  number    = {2},
  pages     = {365--372},
  year      = {2005},
  publisher = {SAGE Publications Sage CA: Los Angeles, CA}
}

@article{rossiter2019designing,
  title     = {Designing and implementing micro-credentials: A guide for practitioners},
  author    = {Rossiter, Darien and Tynan, Belinda},
  year      = {2019},
  publisher = {Commonwealth of Learning (COL)}
}

 @article{sampugnaro1983nonverbal,
  title     = {Nonverbal Behaviors within Communicator Style as Possible Predictors of Hireability in Employment Interviews.},
  author    = {Sampugnaro, Vincent J and others},
  year      = {1983},
  publisher = {ERIC}
} 

@article{shimizu2014ten,
  title     = {Ten-year experience of remote medical education in Asia},
  author    = {Shimizu, Shuji and Kudo, Kuriko and Antoku, Yasuaki and Hu, Min and Okamura, Koji and Nakashima, Naoki},
  journal   = {Telemedicine and e-Health},
  volume    = {20},
  number    = {11},
  pages     = {1021--1026},
  year      = {2014},
  publisher = {Mary Ann Liebert, Inc. 140 Huguenot Street, 3rd Floor New Rochelle, NY 10801 USA}
}

@article{sievers2004rank,
  title     = {Rank estimation of regression coefficients using iterated reweighted least squares},
  author    = {Sievers, Gerald L and Abebe, Asheber},
  journal   = {Journal of Statistical Computation and Simulation},
  volume    = {74},
  number    = {11},
  pages     = {821--831},
  year      = {2004},
  publisher = {Taylor \& Francis}
}

@incollection{simon1976substantive,
  title     = {From substantive to procedural rationality},
  author    = {Simon, Herbert A},
  booktitle = {25 years of economic theory},
  pages     = {65--86},
  year      = {1976},
  publisher = {Springer}
}

@misc{smith_2011,
  title   = {Spotlight on Research: The Distributional Impact of Unemployment},
  url     = {https://www.philadelphiafed.org/community-development/publications/cascade/77/07_distributional-impact-of-unemployment},
  journal = {Federal Reserve Bank of Philadelphia},
  author  = {Smith, Marvin},
  year    = {2011}
}

@misc{staff_2021,
  title   = {A Timeline of COVID-19 Developments in 2020},
  url     = {https://www.ajmc.com/view/a-timeline-of-covid19-developments-in-2020},
  journal = {AJMC},
  author  = {Staff, AJMC},
  year    = {2021},
  month   = {Jan}
}

@article{steffens2009feminization,
  title   = {Feminization of management leads to backlash against agentic applicants: Lack of social skills, not gender, determines low hireability judgments in a student sample},
  author  = {Steffens, Melanie C and Schult, Janette C and Ebert, Irena D},
  journal = {Psychology Science Quarterly},
  volume  = {51},
  number  = {1},
  pages   = {16},
  year    = {2009}
}

@article{sung2017disclose,
  title     = {Disclose or not? Effect of impression management tactics on hireability of persons with epilepsy},
  author    = {Sung, Connie and Lin, Chien-Chun and Connor, Annemarie and Chan, Fong},
  journal   = {Epilepsia},
  volume    = {58},
  number    = {1},
  pages     = {128--136},
  year      = {2017},
  publisher = {Wiley Online Library}
}

@article{swire2020searching,
  title     = {Searching for the backfire effect: Measurement and design considerations},
  author    = {Swire-Thompson, Briony and DeGutis, Joseph and Lazer, David},
  journal   = {Journal of Applied Research in Memory and Cognition},
  year      = {2020},
  publisher = {Elsevier}
}

 @article{symon2006neglected,
  title     = {Neglected perspectives in work and organizational psychology},
  author    = {Symon, Gillian and Cassell, Catherine},
  journal   = {Journal of Occupational and Organizational Psychology},
  volume    = {79},
  number    = {3},
  pages     = {307--314},
  year      = {2006},
  publisher = {Wiley Online Library}
} 

 @misc{team_2020,
  title     = {15 More Companies That No Longer Require a Degree},
  url       = {https://www.glassdoor.com/blog/no-degree-required/},
  journal   = {Glassdoor Blog},
  publisher = {Glassdoor},
  author    = {Team, Glassdoor},
  year      = {2020},
  month     = {Jan}
} 

@misc{turczynski_2021,
  title   = {2021 HR Statistics: Job Search, Hiring, Recruiting \& Interviews},
  url     = {https://zety.com/blog/hr-statistics},
  journal = {Zety},
  author  = {Turczynski, Bart},
  year    = {2021},
  month   = {Feb}
}

 @misc{urdan_2020,
  title   = {Beyond the Noise: The Rise of Alternative Credentials},
  url     = {https://tytonpartners.com/library/beyond-the-noise-the-rise-of-alternative-credentials/},
  journal = {Tyton Partners},
  author  = {Urdan, Trace},
  year    = {2020},
  month   = {Dec}
} 

 @article{us2019digest,
  title   = {Digest of education statistics 2018, Table 206.40},
  author  = {US Department of Education},
  journal = {NCES 2020-009},
  year    = {2019}
} 

@article{vandivier2020preliminary,
  title     = {Preliminary attitudinal trends in alternative postsecondary learning},
  author    = {Vandivier, John},
  journal   = {Applied Economics Letters},
  pages     = {1--4},
  year      = {2020},
  publisher = {Taylor \& Francis}
}

@incollection{wagner2014entangled,
  title     = {Entangled political economy: A keynote address},
  author    = {Wagner, Richard E},
  booktitle = {Entangled political economy},
  year      = {2014},
  publisher = {Emerald Group Publishing Limited}
}

@article{weiss1995human,
  title   = {Human capital vs. signalling explanations of wages},
  author  = {Weiss, Andrew},
  journal = {Journal of Economic perspectives},
  volume  = {9},
  number  = {4},
  pages   = {133--154},
  year    = {1995}
}

@misc{weissman_2019,
  title   = {Education Secretary Betsy DeVos Loosens Accreditor and State Oversight},
  url     = {https://diverseeducation.com/article/158738/},
  journal = {Diverse Education},
  author  = {Weissman, Sara},
  year    = {2019},
  month   = {Nov}
}



