 @misc{turczynski_2021,
  title   = {2021 HR Statistics: Job Search, Hiring, Recruiting \& Interviews},
  url     = {https://zety.com/blog/hr-statistics},
  journal = {Zety},
  author  = {Turczynski, Bart},
  year    = {2021},
  month   = {Feb}
}

@article{elster1989social,
  title   = {Social norms and economic theory},
  author  = {Elster, Jon},
  journal = {Journal of economic perspectives},
  volume  = {3},
  number  = {4},
  pages   = {99--117},
  year    = {1989}
}

@book{rivera2016pedigree,
  title     = {Pedigree: How elite students get elite jobs},
  author    = {Rivera, Lauren A},
  year      = {2016},
  publisher = {Princeton University Press}
}

@book{craig2018new,
  title     = {A new U: Faster+ cheaper alternatives to college},
  author    = {Craig, Ryan},
  year      = {2018},
  publisher = {BenBella Books}
}

 @misc{caplan_2012,
  title   = {Signaling Versus Educational Innovation},
  url     = {https://www.econlib.org/archives/2012/04/signaling_versu.html},
  journal = {Econlib},
  author  = {Caplan, Bryan},
  year    = {2012},
  month   = {Apr}
} 

 @misc{urdan_2020,
  title   = {Beyond the Noise: The Rise of Alternative Credentials},
  url     = {https://tytonpartners.com/library/beyond-the-noise-the-rise-of-alternative-credentials/},
  journal = {Tyton Partners},
  author  = {Urdan, Trace},
  year    = {2020},
  month   = {Dec}
} 

@book{jaccard1996lisrel,
  title     = {LISREL approaches to interaction effects in multiple regression},
  author    = {Jaccard, James and Wan, Choi K and Jaccard, Jim},
  number    = {114},
  year      = {1996},
  publisher = {sage}
}

@article{atzmuller2010experimental,
  title     = {Experimental vignette studies in survey research},
  author    = {Atzm{\"u}ller, Christiane and Steiner, Peter M},
  journal   = {Methodology},
  year      = {2010},
  publisher = {Hogrefe Publishing}
}

@article{magezi2015linear,
  title     = {Linear mixed-effects models for within-participant psychology experiments: an introductory tutorial and free, graphical user interface (LMMgui)},
  author    = {Magezi, David A},
  journal   = {Frontiers in psychology},
  volume    = {6},
  pages     = {2},
  year      = {2015},
  publisher = {Frontiers}
}

@article{ahlheim1998contingent,
  title     = {Contingent valuation and the budget constraint},
  author    = {Ahlheim, Michael},
  journal   = {Ecological Economics},
  volume    = {27},
  number    = {2},
  pages     = {205--211},
  year      = {1998},
  publisher = {Elsevier}
}

@article{pachali2020omitted,
  title   = {Omitted Budget Constraint Bias and Implications for Competitive Pricing},
  author  = {Pachali, Max J and Kurz, Peter and Otter, Thomas},
  journal = {Available at SSRN 3044553},
  year    = {2020}
}

@article{us2019digest,
  title   = {Digest of education statistics 2018, Table 206.40},
  author  = {US Department of Education},
  journal = {NCES 2020-009},
  year    = {2019}
}

@incollection{wagner2014entangled,
  title     = {Entangled political economy: A keynote address},
  author    = {Wagner, Richard E},
  booktitle = {Entangled political economy},
  year      = {2014},
  publisher = {Emerald Group Publishing Limited}
}

@article{boettke2004liberalism,
  title   = {Liberalism, socialism, and robust political economy},
  author  = {Boettke, Peter J and Leeson, Peter T},
  journal = {Journal of Markets and Morality},
  volume  = {7},
  number  = {1},
  pages   = {99--111},
  year    = {2004}
}

 @misc{empson_2013,
  title     = {Georgia Tech Teams Up With Udacity, AT\&T To Offer \$6K Master's Degree In Computer Science, Entirely Online},
  url       = {https://techcrunch.com/2013/05/15/top-10-engineering-college-teams-up-with-udacity-att-to-offer-6k-online-masters-degree-in-computer-science/},
  journal   = {TechCrunch},
  publisher = {TechCrunch},
  author    = {Empson, Rip},
  year      = {2013},
  month     = {May}
} 

@article{conrad2008building,
  title     = {Building knowledge through portfolio learning in prior learning assessment and recognition},
  author    = {Conrad, Dianne},
  journal   = {Quarterly Review of Distance Education},
  volume    = {9},
  number    = {2},
  pages     = {139},
  year      = {2008},
  publisher = {Information Age Publishing}
}

@article{burke2012accreditation,
  title     = {Accreditation: Removing the Barrier to Higher Education Reform. Backgrounder. No. 2728. Executive Summary.},
  author    = {Burke, Lindsey M and Butler, Stuart M},
  journal   = {Heritage Foundation},
  year      = {2012},
  publisher = {ERIC}
}
