@book{jaccard1996lisrel,
  title     = {LISREL approaches to interaction effects in multiple regression},
  author    = {Jaccard, James and Wan, Choi K and Jaccard, Jim},
  number    = {114},
  year      = {1996},
  publisher = {sage}
}

@misc{demographic2020,
  title     = {Most Americans Say Coronavirus Outbreak Has Impacted Their Lives},
  url       = {https://www.pewresearch.org/social-trends/2020/03/30/most-americans-say-coronavirus-outbreak-has-impacted-their-lives/},
  journal   = {Social and Demographic Trends Project},
  publisher = {Pew Research Center},
  author    = {Pew},
  year      = {2020},
  month     = {Sep}
} 

@article{menon2020factors,
  title     = {Factors influencing organizational agility in higher education},
  author    = {Menon, Shalini and Suresh, M},
  journal   = {Benchmarking: An International Journal},
  year      = {2020},
  publisher = {Emerald Publishing Limited}
}

@article{swire2020searching,
  title     = {Searching for the backfire effect: Measurement and design considerations},
  author    = {Swire-Thompson, Briony and DeGutis, Joseph and Lazer, David},
  journal   = {Journal of Applied Research in Memory and Cognition},
  year      = {2020},
  publisher = {Elsevier}
}

@article{campagna2016strategic,
  title     = {Strategic consequences of emotional misrepresentation in negotiation: The blowback effect.},
  author    = {Campagna, Rachel L and Mislin, Alexandra A and Kong, Dejun Tony and Bottom, William P},
  journal   = {Journal of Applied Psychology},
  volume    = {101},
  number    = {5},
  pages     = {605},
  year      = {2016},
  publisher = {American Psychological Association}
}

@article{byrne2009boomerang,
  title     = {The boomerang effect a synthesis of findings and a preliminary theoretical framework},
  author    = {Byrne, Sahara and Hart, Philip Solomon},
  journal   = {Annals of the International Communication Association},
  volume    = {33},
  number    = {1},
  pages     = {3--37},
  year      = {2009},
  publisher = {Taylor \& Francis}
}

@article{nyhan2015does,
  title     = {Does correcting myths about the flu vaccine work? An experimental evaluation of the effects of corrective information},
  author    = {Nyhan, Brendan and Reifler, Jason},
  journal   = {Vaccine},
  volume    = {33},
  number    = {3},
  pages     = {459--464},
  year      = {2015},
  publisher = {Elsevier}
}
