@article{cappelli2004employers,
  title={Why do employers pay for college?},
  author={Cappelli, Peter},
  journal={Journal of Econometrics},
  volume={121},
  number={1-2},
  pages={213--241},
  year={2004},
  publisher={Elsevier}
}

@article{cherry2014rejuvenating,
  title   = {Rejuvenating tuition reimbursement programs},
  author  = {Cherry, T},
  journal = {HR Magazine},
  volume  = {59},
  number  = {6},
  year    = {2014}
}

 @misc{talentculture_2018,
  title   = {What Does Tuition Assistance Look Like in 2018?},
  url     = {https://talentculture.com/tuition-assistance-look-like-2018/},
  journal = {TalentCulture},
  author  = {TalentCulture},
  year    = {2018},
  month   = {May}
}

@article{law1990law,
  title={Law 101-649},
  author={Law, Public},
  journal={Immigration Act, November},
  volume={29},
  year={1990}
}

@article{anderson1981estimation,
  title={Estimation of dynamic models with error components},
  author={Anderson, Theodore Wilbur and Hsiao, Cheng},
  journal={Journal of the American statistical Association},
  volume={76},
  number={375},
  pages={598--606},
  year={1981},
  publisher={Taylor \& Francis}
}
