 @misc{friedman_2019, title={Walmart Expands College For $1 A Day}, url={https://www.forbes.com/sites/zackfriedman/2019/06/12/walmart-college-education/#31c84c5d613f}, journal={Forbes}, publisher={Forbes Magazine}, author={Friedman, Zack}, year={2019}, month={Jun}}

 