@inproceedings{brown2017complex,
  title        = {The complex universe of alternative postsecondary credentials and pathways},
  author       = {Brown, Jessie and Kurzweil, Martin},
  year         = {2017},
  organization = {American Academy of Arts and Sciences Cambridge, MA}
}

@article{burke2012accreditation,
  title     = {Accreditation: Removing the Barrier to Higher Education Reform. Backgrounder. No. 2728. Executive Summary.},
  author    = {Burke, Lindsey M and Butler, Stuart M},
  journal   = {Heritage Foundation},
  year      = {2012},
  publisher = {ERIC}
}

@article{byrne2009boomerang,
  title     = {The boomerang effect a synthesis of findings and a preliminary theoretical framework},
  author    = {Byrne, Sahara and Hart, Philip Solomon},
  journal   = {Annals of the International Communication Association},
  volume    = {33},
  number    = {1},
  pages     = {3--37},
  year      = {2009},
  publisher = {Taylor \& Francis}
}

@article{campagna2016strategic,
  title     = {Strategic consequences of emotional misrepresentation in negotiation: The blowback effect.},
  author    = {Campagna, Rachel L and Mislin, Alexandra A and Kong, Dejun Tony and Bottom, William P},
  journal   = {Journal of Applied Psychology},
  volume    = {101},
  number    = {5},
  pages     = {605},
  year      = {2016},
  publisher = {American Psychological Association}
}

@article{cao2011fear,
  title     = {Fear of the unknown: Familiarity and economic decisions},
  author    = {Cao, H Henry and Han, Bing and Hirshleifer, David and Zhang, Harold H},
  journal   = {Review of finance},
  volume    = {15},
  number    = {1},
  pages     = {173--206},
  year      = {2011},
  publisher = {Oxford University Press}
}

@article{carpenter2020we,
  title     = {Weâ€™re All Teachers Now: Remote Learning During COVID-19},
  author    = {Carpenter, Dick and Dunn, Joshua},
  journal   = {Journal of School Choice},
  volume    = {14},
  number    = {4},
  pages     = {567--594},
  year      = {2020},
  publisher = {Taylor \& Francis}
}

@misc{demographic2020,
  title     = {Most Americans Say Coronavirus Outbreak Has Impacted Their Lives},
  url       = {https://www.pewresearch.org/social-trends/2020/03/30/most-americans-say-coronavirus-outbreak-has-impacted-their-lives/},
  journal   = {Social and Demographic Trends Project},
  publisher = {Pew Research Center},
  author    = {Pew},
  year      = {2020},
  month     = {Sep}
}

@article{dennis2001skillful,
  title     = {The skillful use of higher education to protect White supremacy},
  author    = {Dennis, Michael},
  journal   = {The Journal of Blacks in Higher Education},
  number    = {32},
  pages     = {115--123},
  year      = {2001},
  publisher = {JSTOR}
}

@misc{education_2021,
  title   = {ACE Credit-Accepting Institutions},
  url     = {https://www.acenet.edu/Programs-Services/Pages/Credit-Transcripts/Credit-Accepting-Institutions.aspx},
  journal = {Programs &amp; Services},
  author  = {Education, American Council on},
  year    = {2021},
  month   = {Mar}
}

@article{giuseppe2015new,
  title   = {The new dawn of virtual reality in health care: medical simulation and experiential interface},
  author  = {Giuseppe, RIVA and Wiederhold, Brenda K},
  journal = {Stud. Health Technol. Inform},
  volume  = {219},
  pages   = {3--6},
  year    = {2015}
}

 @article{hikido2016whitened,
  title     = {Whitened rainbows: How white college students protect whiteness through diversity discourses},
  author    = {Hikido, Annie and Murray, Susan B},
  journal   = {Race Ethnicity and Education},
  volume    = {19},
  number    = {2},
  pages     = {389--411},
  year      = {2016},
  publisher = {Taylor \& Francis}
}

@book{jaccard1996lisrel,
  title     = {LISREL approaches to interaction effects in multiple regression},
  author    = {Jaccard, James and Wan, Choi K and Jaccard, Jim},
  number    = {114},
  year      = {1996},
  publisher = {sage}
}

@article{jones2018alternative,
  title     = {Alternative Credentials for Workforce Development},
  author    = {Jones-Schenk, Jan and others},
  journal   = {The Journal of Continuing Education in Nursing},
  volume    = {49},
  number    = {10},
  pages     = {449--450},
  year      = {2018},
  publisher = {SLACK Incorporated}
}

@article{julich2005stockholm,
  title     = {Stockholm syndrome and child sexual abuse},
  author    = {J{\"u}lich, Shirley},
  journal   = {Journal of child sexual abuse},
  volume    = {14},
  number    = {3},
  pages     = {107--129},
  year      = {2005},
  publisher = {Taylor \& Francis}
}

@article{menon2020factors,
  title     = {Factors influencing organizational agility in higher education},
  author    = {Menon, Shalini and Suresh, M},
  journal   = {Benchmarking: An International Journal},
  year      = {2020},
  publisher = {Emerald Publishing Limited}
}

@misc{miller_2021,
  title     = {Legislation Extends Student Loan Repayment Benefits for 5 Years},
  url       = {https://www.shrm.org/resourcesandtools/hr-topics/benefits/pages/legislation-extends-student-loan-repayment-benefits-for-5-years.aspx},
  journal   = {SHRM},
  publisher = {SHRM},
  author    = {Miller, Stephen},
  year      = {2021},
  month     = {Jan}
}

@article{nyhan2015does,
  title     = {Does correcting myths about the flu vaccine work? An experimental evaluation of the effects of corrective information},
  author    = {Nyhan, Brendan and Reifler, Jason},
  journal   = {Vaccine},
  volume    = {33},
  number    = {3},
  pages     = {459--464},
  year      = {2015},
  publisher = {Elsevier}
}

@article{robinson2005novel,
  title     = {Novel stimuli are negative stimuli: Evidence that negative affect is reduced in the mere exposure effect},
  author    = {Robinson, Brent M and Elias, Lorin J},
  journal   = {Perceptual and Motor Skills},
  volume    = {100},
  number    = {2},
  pages     = {365--372},
  year      = {2005},
  publisher = {SAGE Publications Sage CA: Los Angeles, CA}
}

@article{rossiter2019designing,
  title     = {Designing and implementing micro-credentials: A guide for practitioners},
  author    = {Rossiter, Darien and Tynan, Belinda},
  year      = {2019},
  publisher = {Commonwealth of Learning (COL)}
}

 @article{sievers2004rank,
  title     = {Rank estimation of regression coefficients using iterated reweighted least squares},
  author    = {Sievers, Gerald L and Abebe, Asheber},
  journal   = {Journal of Statistical Computation and Simulation},
  volume    = {74},
  number    = {11},
  pages     = {821--831},
  year      = {2004},
  publisher = {Taylor \& Francis}
}

 @misc{staff_2021,
  title   = {A Timeline of COVID-19 Developments in 2020},
  url     = {https://www.ajmc.com/view/a-timeline-of-covid19-developments-in-2020},
  journal = {AJMC},
  author  = {Staff, AJMC},
  year    = {2021},
  month   = {Jan}
}

@article{swire2020searching,
  title     = {Searching for the backfire effect: Measurement and design considerations},
  author    = {Swire-Thompson, Briony and DeGutis, Joseph and Lazer, David},
  journal   = {Journal of Applied Research in Memory and Cognition},
  year      = {2020},
  publisher = {Elsevier}
}

 @misc{team_2020,
  title     = {15 More Companies That No Longer Require a Degree},
  url       = {https://www.glassdoor.com/blog/no-degree-required/},
  journal   = {Glassdoor Blog},
  publisher = {Glassdoor},
  author    = {Team, Glassdoor},
  year      = {2020},
  month     = {Jan}
}

 @misc{weissman_2019,
  title   = {Education Secretary Betsy DeVos Loosens Accreditor and State Oversight},
  url     = {https://diverseeducation.com/article/158738/},
  journal = {Diverse Education},
  author  = {Weissman, Sara},
  year    = {2019},
  month   = {Nov}
}

@article{shimizu2014ten,
  title     = {Ten-year experience of remote medical education in Asia},
  author    = {Shimizu, Shuji and Kudo, Kuriko and Antoku, Yasuaki and Hu, Min and Okamura, Koji and Nakashima, Naoki},
  journal   = {Telemedicine and e-Health},
  volume    = {20},
  number    = {11},
  pages     = {1021--1026},
  year      = {2014},
  publisher = {Mary Ann Liebert, Inc. 140 Huguenot Street, 3rd Floor New Rochelle, NY 10801 USA}
}

@article{kyaw2019virtual,
  title     = {Virtual reality for health professions education: systematic review and meta-analysis by the digital health education collaboration},
  author    = {Kyaw, Bhone Myint and Saxena, Nakul and Posadzki, Pawel and Vseteckova, Jitka and Nikolaou, Charoula Konstantia and George, Pradeep Paul and Divakar, Ushashree and Masiello, Italo and Kononowicz, Andrzej A and Zary, Nabil and others},
  journal   = {Journal of medical Internet research},
  volume    = {21},
  number    = {1},
  pages     = {e12959},
  year      = {2019},
  publisher = {JMIR Publications Inc., Toronto, Canada}
}

@article{dunleavy2019mobile,
  title     = {Mobile digital education for health professions: systematic review and meta-analysis by the digital health education collaboration},
  author    = {Dunleavy, Gerard and Nikolaou, Charoula Konstantia and Nifakos, Sokratis and Atun, Rifat and Law, Gloria Chun Yi and Car, Lorainne Tudor},
  journal   = {Journal of medical Internet research},
  volume    = {21},
  number    = {2},
  pages     = {e12937},
  year      = {2019},
  publisher = {JMIR Publications Inc., Toronto, Canada}
}

@article{car2019digital,
  title     = {Digital problem-based learning in health professions: systematic review and meta-analysis by the Digital Health Education Collaboration},
  author    = {Car, Lorainne Tudor and Kyaw, Bhone Myint and Dunleavy, Gerard and Smart, Neil A and Semwal, Monika and Rotgans, Jerome I and Low-Beer, Naomi and Campbell, James},
  journal   = {Journal of medical Internet research},
  year      = {2019},
  publisher = {JMIR Publications, Inc}
}

@article{gilchrist1974enumerating,
  title={Enumerating full-time programmers},
  author={Gilchrist, Bruce and Weber, Richard E},
  journal={Communications of the ACM},
  volume={17},
  number={10},
  pages={592--593},
  year={1974},
  publisher={ACM New York, NY, USA}
}

@article{ensmenger2010making,
  title={Making programming masculine},
  author={Ensmenger, Nathan},
  journal={Gender codes: Why women are leaving computing},
  pages={115--141},
  year={2010},
  publisher={IEEE Computer Society and John Wiley \& Sons, Inc., Hoboken, New Jersey}
}

