@article{roots1999student,
  title={The student loan debt crisis: A lesson in unintended consequences},
  author={Roots, Roger},
  journal={Sw. UL Rev.},
  volume={29},
  pages={501},
  year={1999},
  publisher={HeinOnline}
}

@article{hansendn1988student,
  title={Student debt crisis: Are students incurring excessive debt?},
  author={Hansendn, W Lee and Rhodes, Marilyn S},
  journal={Economics of Education Review},
  volume={7},
  number={1},
  pages={101--112},
  year={1988},
  publisher={Elsevier}
}

@article{van1979coming,
  title={The Coming Crisis in Student Aid: Report of the 1978 Aspen Institute Conference on Student Aid Policy.},
  author={Van Dusen, William D},
  journal={Journal of Student Financial Aid},
  volume={9},
  number={1},
  pages={3--18},
  year={1979},
  publisher={ERIC}
}

@article{friedman2018student,
  title={Student loan debt statistics in 2018: A \$1.5 trillion crisis},
  author={Friedman, Zack},
  journal={Forbes. https://www.forbes.com/sites/zackfriedman/2018/06/13/student-loan-debt-statistics-2018},
  year={2018}
}

@book{caplan2018case,
  title={The case against education: Why the education system is a waste of time and money},
  author={Caplan, Bryan},
  year={2018},
  publisher={Princeton University Press}
}

# note: based on Google Scholar's Bibtext for `NCES Digest of Education Statistics 2011`
# ref: https://www.chicagomanualofstyle.org/qanda/data/faq/topics/Documentation/faq0120.html
# ref: https://nces.ed.gov/pubsearch/pubsinfo.asp?pubid=2018070
# ref: https://nces.ed.gov/programs/digest/d17/
@article{nces2017averageundergraduatetuition,
  title={Digest of Education Statistics 2017. Table 330.10: Average undergraduate tuition and fees and room and board rates charged for full-time students in degree-granting postsecondary institutions, by level and control of institution: Selected years, 1963-64 through 2016-17},
  author={Thomas D. Snyder, Cristobal de Brey, Sally A. Dillow},
  year={2018},
  publisher={National Center for Education Statistics}
}

@article{nces2015expendituresperpupil,
  title={Digest of Education Statistics 2015. Table 236.15: Current expenditures and current expenditures per pupil in public elementary and secondary schools: 1989-90 through 2025-26},
  author={Thomas D. Snyder, Cristobal de Brey, Sally A. Dillow},
  year={2016},
  publisher={National Center for Education Statistics}
}

 @misc{nces_2019, title={The NCES Fast Facts 372: Back to school statistics}, url={https://nces.ed.gov/fastfacts/display.asp?id=372}, journal={National Center for Education Statistics (NCES)}, publisher={National Center for Education Statistics (NCES)}, author={NCES}, year={2019}}

 @misc{koncz2016, title={Salary Trends through Salary Survey: A Historical Perspective on Starting Salaries for New College Graduates}, url={https://www.naceweb.org/job-market/compensation/salary-trends-through-salary-survey-a-historical-perspective-on-starting-salaries-for-new-college-graduates/}, journal={National Association of Colleges and Employers (NACE)}, publisher={National Association of Colleges and Employers (NACE)}, author={Koncz, Andrea}, year={2016}, month={Aug}}

# ref: http://www.citationmachine.net/bibliographies
# ref: https://tex.stackexchange.com/questions/3587/how-can-i-use-bibtex-to-cite-a-web-page
# ref: https://en.wikipedia.org/w/index.php?title=Special:CiteThisPage&page=LaTeX&id=413720397
@misc{isbitts_2018,
  title={The S\&P 500's Long-Term Return Is Mediocre, Really},
  url={https://www.forbes.com/sites/robisbitts2/2018/11/19/the-sp-500s-long-term-return-is-mediocre-really/#120f27935b1e},
  journal={Forbes},
  publisher={Forbes Magazine},
  author={Isbitts, Rob},
  year={2018},
  month={Nov}
}

@misc{collegeboard2018fiveyearchange,
  title={Figure 6: 2018-19 Tuition and Fees at Public Four-Year Institutions by State and Five-Year Percentage Change in In-State Tuition and Fees},
  url={https://trends.collegeboard.org/sites/default/files/2018-trends-in-college-pricing.pdf},
  journal={Trends in College Pricing 2018},
  publisher={College Board},
  author={Ma, Jennifer, Sandy Baum, Matea Pender, and CJ Libass}
  year={2018}
}

@article{nces2016percentexclusivelydistance,
  title={Digest of Education Statistics 2016. Table 311.15: Number and percentage of students enrolled in degree-granting postsecondary institutions, by distance education participation, location of student, level of enrollment, and control and level of institution: Fall 2014 and fall 2015},
  author={Thomas D. Snyder, Cristobal de Brey, Sally A. Dillow},
  year={2016},
  publisher={National Center for Education Statistics}
}

 @misc{abodo_2019,
  title={US Average Rent -Â 2018 Review: America's Most Trusted Data: ABODO},
  url={https://www.abodo.com/blog/2018-annual-rent-report/},
  journal={ABODO},
  publisher={ABODO},
  author={ABODO},
  year={2019},
  month={Feb}
}

@misc{alioth2019,
  title={Inflation Rate for Rent between 2011-2018},
  url={http://www.in2013dollars.com/Rent-of-primary-residence/price-inflation/2011-to-2018?amount=803},
  journal={Rent price history from 2011 through 2018},
  publisher={Official Data Foundation / Alioth LLC},
  author={Alioth},
  year={2019}
}

@article{adams2013college,
  title={College degrees with the highest starting salaries},
  author={Adams, Susan},
  journal={Forbes Magazine},
  year={2013}
}

@misc{white_2018, title={10 boot camps for business analysts}, url={https://www.idginsiderpro.com/article/3270932/10-boot-camps-for-business-analysts.html}, journal={InsiderPro}, publisher={CIO}, author={White, Sarah K.}, year={2018}, month={May}}

@misc{minnstate2019areonlinecoursesright, title={Are Online Courses for You?}, url={https://careerwise.minnstate.edu/education/onlinequiz.html}, journal={Are Online Courses for You?}, publisher={Minnesota State CAREERwise}, year={2019}}

@misc{ga2019, title={Software Engineering Immersive: DC}, url={https://generalassemb.ly/education/software-engineering-immersive/washington-dc}, journal={General Assembly}, publisher={General Assembly}, year={2019}}

@misc{kirkham_2017, title={General Assembly Review: Courses for Career Development}, url={https://studentloanhero.com/featured/general-assembly-review-career-development/}, journal={Student Loan Hero}, publisher={Student Loan Hero}, author={Kirkham, Elyssa}, year={2017}, month={Oct}}
 
@misc{wexler_2016, title={Where was the class of 2015 six months after graduation?}, url={https://www.insidehighered.com/news/2016/06/07/where-was-class-2015-six-months-after-graduation}, journal={Where was the class of 2015 six months after graduation?}, publisher={Inside Higher Ed}, author={Wexler, Ellen}, year={2016}, month={Jun}}

@misc{aceposttraditionallearners,
  title={Post-traditional Learners},
  url={https://www.acenet.edu/Research-Insights/Pages/Student-Support/Post-Traditional-Learners.aspx},
  journal={Research &amp; Insights},
  publisher={American Council on Education},
  author={ACE, American Council on Education},
  year={2019}
}

 @misc{fishman_2015, title={College Decisions Survey: Deciding to Go to College}, url={https://www.newamerica.org/education-policy/edcentral/collegedecisions/}, journal={New America}, publisher={New America}, author={Fishman, Rachel}, year={2015}, month={May}}

 @book{craig_2018, place={Dallas, TX}, title={A New U: Faster + Cheaper Alternatives to College}, publisher={BenBella Books, Inc.}, author={Craig, Ryan}, year={2018}}

 @misc{ace_2019, title={History of Accreditation}, url={http://www.acics.org/accreditation/content.aspx?id=2258}, journal={Accrediting Council for Independent Colleges and Schools}, publisher={Accrediting Council for Independent Colleges and Schools}, author={Accrediting Council for Independent Colleges and Schools, ACICS}, year={2019}}

 @misc{sullings_2019, title={The US' GI Bill: the "New Deal for Veterans"}, url={https://www.centreforpublicimpact.org/case-study/us-gi-bill-new-deal-veterans/}, journal={Centre for Public Impact (CPI)}, publisher={Centre for Public Impact (CPI)}, author={Sullings, Glynn}, year={2019}, month={Sep}}

 @misc{wellman_1998, title={Recognition of Accreditation Organizations: Council for Higher Education Accreditation}, url={https://www.chea.org/recognition-accreditation-organizations}, journal={Council for Higher Education Accreditation (CHEA)}, publisher={Council for Higher Education Accreditation (CHEA)}, author={Wellman, Jane V.}, year={1998}, month={Jan}}

 @misc{lumina_2019, title={Part 1: How Did We Get Here}, url={https://www.luminafoundation.org/looking-back-to-move-forward-1}, journal={Lumina Foundation}, publisher={Lumina Foundation}, author={Lumina Foundation}, year={2019}}

 @misc{americacountsstaff_2019, title={Number of People With Master's and Doctoral Degrees Doubles Since 2000}, url={https://www.census.gov/library/stories/2019/02/number-of-people-with-masters-and-phd-degrees-double-since-2000.html}, journal={The United States Census Bureau}, publisher={The United States Census Bureau}, author={America Counts Staff}, year={2019}, month={Feb}}

@article{aud2013condition,
  title={The Condition of Education 2013. NCES 2013-037.},
  author={Aud, Susan and Wilkinson-Flicker, Sidney and Kristapovich, Paul and Rathbun, Amy and Wang, Xiaolei and Zhang, Jijun},
  journal={National Center for Education Statistics},
  year={2013},
  publisher={ERIC}
}

@article{nces2019condition,
  title={The Condition of Education 2019. NCES 2019-144.},
  author={McFarland, J., Hussar, B., Zhang, J., Wang, X., Wang, K., Hein, S., Diliberti, M., Forrest Cataldi, E., Bullock Mann, F., and Barmer, A.},
  journal={National Center for Education Statistics},
  year={2019},
  publisher={NCES}
}

 @misc{censusbureau_2017, title={Highest Educational Levels Reached by Adults in the U.S. Since 1940}, url={https://www.census.gov/newsroom/press-releases/2017/cb17-51.html}, journal={The United States Census Bureau}, publisher={The United States Census Bureau}, author={US Census Bureau}, year={2017}, month={Mar}}

@article{freeman2014active,
  title={Active learning increases student performance in science, engineering, and mathematics},
  author={Freeman, Scott and Eddy, Sarah L and McDonough, Miles and Smith, Michelle K and Okoroafor, Nnadozie and Jordt, Hannah and Wenderoth, Mary Pat},
  journal={Proceedings of the National Academy of Sciences},
  volume={111},
  number={23},
  pages={8410--8415},
  year={2014},
  publisher={National Acad Sciences}
}

 @misc{collegeboard_2019, title={Register for CLEP Exams}, url={https://clep.collegeboard.org/register}, journal={College Board}, publisher={College Board}, author={College Board}, year={2019}, month={Aug}}

@article{kirkham2018study,
  title={Study: Hereâs how much college credits actually cost},
  author={Kirkham, Elyssa},
  journal={StudentLoanHero.com},
  year={2018},
  month={Jan}
}

 @misc{collegeboard_2014, title={2014 College-Bound Seniors Total Group Profile Report}, url={https://secure-media.collegeboard.org/digitalServices/pdf/sat/TotalGroup-2014.pdf}, journal={College Board}, publisher={College Board}, author={College Board}, year={2014}}

 @misc{mullins_2016, title={How Todayâs Homeschoolers are Doing on the SAT}, url={https://hslda.org/content/docs/news/2016/201606240.asp}, journal={How Today's Homeschoolers are Doing on the SAT}, publisher={HSLDA}, author={Mullins, Andrew}, year={2016}}

@article{di2011evidence,
  title={The Evidence on Charter Schools and Test Scores. Policy Brief.},
  author={Di Carlo, Matthew},
  journal={Albert Shanker Institute},
  year={2011},
  publisher={ERIC}
}

@article{dequech2006institutions,
  title={Institutions and norms in institutional economics and sociology},
  author={Dequech, David},
  journal={Journal of Economic Issues},
  volume={40},
  number={2},
  pages={473--481},
  year={2006},
  publisher={Taylor \& Francis}
}

@article{conley2009endogenous,
  title={Endogenous games and equilibrium adoption of social norms and ethical constraints},
  author={Conley, John P and Neilson, William},
  journal={Games and Economic Behavior},
  volume={66},
  number={2},
  pages={761--774},
  year={2009},
  publisher={Elsevier}
}

@article{marra2003economics,
  title={The economics of risk, uncertainty and learning in the adoption of new agricultural technologies: where are we on the learning curve?},
  author={Marra, Michele and Pannell, David J and Ghadim, Amir Abadi},
  journal={Agricultural systems},
  volume={75},
  number={2-3},
  pages={215--234},
  year={2003},
  publisher={Elsevier}
}

@article{aron2006overview,
  title={An Overview of Alternative Education.},
  author={Aron, Laudan Y},
  journal={Urban Institute (NJ1)},
  year={2006},
  publisher={ERIC}
}

@inproceedings{lange2002alternative,
  title={Alternative Education: A Brief History and Research Synthesis.},
  author={Lange, Cheryl M and Sletten, Sandra J},
  year={2002},
  organization={ERIC}
}

@article{dill1998stressors,
  title={Stressors of college: A comparison of traditional and nontraditional students},
  author={Dill, Patricia L and Henley, Tracy B},
  journal={The Journal of Psychology},
  volume={132},
  number={1},
  pages={25--32},
  year={1998},
  publisher={Taylor \& Francis}
}

@article{taniguchi2005degree,
  title={Degree completion among nontraditional college students},
  author={Taniguchi, Hiromi and Kaufman, Gayle},
  journal={Social Science Quarterly},
  volume={86},
  number={4},
  pages={912--927},
  year={2005},
  publisher={Wiley Online Library}
}

@article{harasim2000shift,
  title={Shift happens: Online education as a new paradigm in learning},
  author={Harasim, Linda},
  journal={The Internet and higher education},
  volume={3},
  number={1-2},
  pages={41--61},
  year={2000},
  publisher={Elsevier}
}

@book{allen2013changing,
  title={Changing course: Ten years of tracking online education in the United States.},
  author={Allen, I Elaine and Seaman, Jeff},
  year={2013},
  publisher={ERIC}
}

@article{margaryan2015instructional,
  title={Instructional quality of massive open online courses (MOOCs)},
  author={Margaryan, Anoush and Bianco, Manuela and Littlejohn, Allison},
  journal={Computers \& Education},
  volume={80},
  pages={77--83},
  year={2015},
  publisher={Elsevier}
}

@misc{horn2008disrupting,
  title={Disrupting class: How disruptive innovation will change the way the world learns},
  author={Clayton M. Christensen, Curtis W. Johnson, and Michael B. Horn},
  year={2008},
  publisher={New York: McGraw-Hill}
}

@book{robinson2016creative,
  title={Creative schools: The grassroots revolution that's transforming education},
  author={Robinson, Ken and Aronica, Lou},
  year={2016},
  publisher={Penguin books}
}

@book{selingo2013college,
  title={College (un) bound: The future of higher education and what it means for students},
  author={Selingo, Jeffrey J},
  year={2013},
  publisher={Houghton Mifflin Harcourt}
}

@article{bower1995disruptive,
  title={Disruptive technologies: catching the wave},
  author={Bower, Joseph L and Christensen, Clayton M},
  year={1995},
  publisher={Harvard Business Review Video Boston}
}

@book{christensen2011innovative,
  title={The innovative university: Changing the DNA of higher education from the inside out},
  author={Christensen, Clayton M and Eyring, Henry J},
  year={2011},
  publisher={John Wiley \& Sons}
}

 @misc{khanacademy_2017, title={Khan Academy is the Official Practice Partner for AP}, url={https://www.khanacademy.org/about/blog/post/163503591115/khan-academy-is-the-official-practice-partner-for}, journal={Khan Academy}, publisher={Khan Academy}, author={Khan Academy}, year={2017}, month={Jul}}

 @misc{daver_2016, title={Introducing Udacity Connect: Turbocharged Learning}, url={https://blog.udacity.com/2016/04/introducing-udacity-connect-turbocharged-learning.html}, journal={Udacity}, publisher={Udacity}, author={Daver, Shernaz}, year={2016}, month={Apr}}

 @misc{playworks_2017, title={Playworks is Top 10 Education Finalist in Global 100\&Change Competition}, url={https://www.playworks.org/news/playworks-is-top-10-education-finalist-in-global-100change-competition/}, journal={Playworks}, publisher={Playworks}, author={Playworks}, year={2017}, month={Dec}}

@article{desantis2012stanford,
  title={Stanford professor gives up teaching position, hopes to reach 500,000 students at online start-up},
  author={DeSantis, Nick},
  journal={The Chronicle of Higher Education},
  volume={23},
  year={2012}
}

@misc{100change_2017,
  author={100\&Change},
  title={100\&Change Solutions Bank},
  url={http://100andchange.foundationcenter.org/dashboard/},
  journal={100\&Change},
  publisher={MacArthur Foundation},
  year={2017}
}

@misc{khanacademy_2017studying20hours, title={Studying for the SAT for 20 hours on Khan Academy associated with 115-point average score increase}, url={https://www.khanacademy.org/about/blog/post/160451329150/studying-for-the-sat-for-20-hours-on-khan-academy}, journal={Khan Academy}, publisher={Khan Academy}, author={Khan Academy}, year={2017}, month={May}}

@article{kalogeras1976defense,
  title={In defense of the lecture method of instruction},
  author={Kalogeras, Gus},
  journal={Journal of Financial Education},
  pages={45--47},
  year={1976},
  publisher={JSTOR}
}

@article{hanushek2017emulating,
  title={Emulating Germanyâs Apprenticeship System Wonât Make America Great Again},
  author={Hanushek, Eric},
  journal={Huffington Post (blog), June},
  volume={23},
  year={2017}
}

@article{hanushek2017apprenticeship,
  title={Apprenticeship programs in a changing economic world},
  author={Hanushek, Eric and Woessmann, Ludger},
  journal={Brookings Institution, June},
  volume={28},
  pages={48--87},
  year={2017}
}

 @misc{credentialengine_2019, title={About Us}, url={https://credentialengine.org/about/}, journal={Credential Engine}, publisher={Credential Engine}, author={Credential Engine}, year={2019}}

 @misc{shaw_2017, title={Degreed Launches Skill Certification: A Standardized Way to Measure Skills}, url={https://blog.degreed.com/degreed-launches-skills-certification-standardized-way-measure-skills/}, journal={Degreed Blog}, publisher={Degreed}, author={Shaw, Jocelyn}, year={2017}, month={Aug}}

 @misc{pluralsight_2019, title={Pluralsight Expands Role IQ and Skill IQ Analytics, Giving Technology Leaders Unprecedented Insights to Drive Their Business Forward}, url={https://www.pluralsight.com/newsroom/press-releases/pluralsight-expands-role-iq-and-skill-iq-analytics}, journal={Pluralsight}, publisher={Pluralsight}, author={Pluralsight}, year={2019}, month={Apr}}

 @misc{hanushek_2011, title={Saving the schools: Why more money is not the answer}, url={http://hanushek.stanford.edu/publications/saving-schools-why-more-money-not-answer}, journal={Saving the schools: Why more money is not the answer | Eric A. Hanushek}, publisher={New York Post}, author={Hanushek, Eric}, year={2011}, month={Apr}}

@article{eidelman2012bias,
  title={Bias in favor of the status quo},
  author={Eidelman, Scott and Crandall, Christian S},
  journal={Social and Personality Psychology Compass},
  volume={6},
  number={3},
  pages={270--281},
  year={2012},
  publisher={Wiley Online Library}
}

@book{baumol2002free,
  title={The free-market innovation machine: Analyzing the growth miracle of capitalism},
  author={Baumol, William J},
  year={2002},
  publisher={Princeton university press}
}

 @misc{uscensusbureau_2016, title={Terms and Definitions}, url={https://www.census.gov/programs-surveys/popest/guidance-geographies/terms-and-definitions.html}, journal={Terms and Definitions}, publisher={US Census Bureau}, author={US Census Bureau}, year={2016}, month={Dec}}

@article{cox2008stata,
  title={Stata tip 59: Plotting on any transformed scale},
  author={Cox, Nicholas J},
  journal={The Stata Journal},
  volume={8},
  number={1},
  pages={142--145},
  year={2008},
  publisher={SAGE Publications Sage CA: Los Angeles, CA}
}

@article{davies1995student,
  title={Student attitudes to student debt},
  author={Davies, Emma and Lea, Stephen EG},
  journal={Journal of economic psychology},
  volume={16},
  number={4},
  pages={663--679},
  year={1995},
  publisher={Elsevier}
}

 @misc{bryant_2013, title={In Head-Hunting, Big Data May Not Be Such a Big Deal}, url={https://www.nytimes.com/2013/06/20/business/in-head-hunting-big-data-may-not-be-such-a-big-deal.html}, journal={The New York Times}, publisher={The New York Times}, author={Bryant, Adam}, year={2013}, month={Jun}}

 @misc{glassdoor_2018, title={Google \& 14 More Companies That No Longer Require a Degree}, url={https://www.glassdoor.com/blog/no-degree-required/}, journal={Glassdoor Blog}, publisher={Glassdoor}, author={Glassdoor}, year={2018}, month={Aug}}

 @misc{florentine_2018, title={Want a more diverse workforce? Hire bootcamp graduates}, url={https://www.cio.com/article/3250634/want-a-more-diverse-workforce-hire-bootcamp-graduates.html}, journal={CIO}, publisher={CIO}, author={Florentine, Sharon}, year={2018}, month={Jan}}

@article{mattern2009student,
  title={Student Choice of College: How Far Do Students Go for an Education?.},
  author={Mattern, Krista and Wyatt, Jeff N},
  journal={Journal of College Admission},
  volume={203},
  pages={18--29},
  year={2009},
  publisher={ERIC}
}

@article{tucker2001distance,
  title={Distance education: better, worse, or as good as traditional education?},
  author={Tucker, Sheila},
  journal={Online journal of distance learning administration},
  volume={4},
  number={4},
  year={2001}
}

@book{kahneman2011thinking,
  title={Thinking, fast and slow},
  author={Kahneman, Daniel},
  year={2011},
  publisher={Macmillan}
}

@article{young2009innovation,
  title={Innovation diffusion in heterogeneous populations: Contagion, social influence, and social learning},
  author={Young, H Peyton},
  journal={American economic review},
  volume={99},
  number={5},
  pages={1899--1924},
  year={2009}
}
