@misc{horton_2020,
    title     = {Could micro-credentials compete with traditional degrees?},
    url       = {https://www.bbc.com/worklife/article/20200212-could-micro-credentials-compete-with-traditional-degrees},
    journal   = {BBC Worklife},
    publisher = {BBC},
    author    = {Horton, Anisa},
    year      = {2020},
    month     = {Feb}
}

@inproceedings{brown2017complex,
    title={The complex universe of alternative postsecondary credentials and pathways},
    author={Brown, Jessie and Kurzweil, Martin},
    year={2017},
    organization={American Academy of Arts and Sciences Cambridge, MA}
}

@incollection{simon1976substantive,
  title={From substantive to procedural rationality},
  author={Simon, Herbert A},
  booktitle={25 years of economic theory},
  pages={65--86},
  year={1976},
  publisher={Springer}
}
