 @misc{turczynski_2021,
  title   = {2021 HR Statistics: Job Search, Hiring, Recruiting \& Interviews},
  url     = {https://zety.com/blog/hr-statistics},
  journal = {Zety},
  author  = {Turczynski, Bart},
  year    = {2021},
  month   = {Feb}
}

@article{elster1989social,
  title   = {Social norms and economic theory},
  author  = {Elster, Jon},
  journal = {Journal of economic perspectives},
  volume  = {3},
  number  = {4},
  pages   = {99--117},
  year    = {1989}
}

@book{rivera2016pedigree,
  title     = {Pedigree: How elite students get elite jobs},
  author    = {Rivera, Lauren A},
  year      = {2016},
  publisher = {Princeton University Press}
}
