@article{chirumbolo2010personality,
    title     = {Personality and politics: The role of the HEXACO model of personality in predicting ideology and voting},
    author    = {Chirumbolo, Antonio and Leone, Luigi},
    journal   = {Personality and Individual Differences},
    volume    = {49},
    number    = {1},
    pages     = {43--48},
    year      = {2010},
    publisher = {Elsevier}
}

@book{kahneman2011thinking,
    title     = {Thinking, fast and slow},
    author    = {Kahneman, Daniel},
    year      = {2011},
    publisher = {Macmillan}
}

@article{teghtsoonian1993neo,
    title     = {Neo-conservative ideology and opposition to federal regulation of child care services in the United States and Canada},
    author    = {Teghtsoonian, Katherine},
    journal   = {Canadian Journal of Political Science/Revue canadienne de science politique},
    volume    = {26},
    number    = {1},
    pages     = {97--121},
    year      = {1993},
    publisher = {Cambridge University Press}
}

@article{vandivier2020preliminary,
    title     = {Preliminary attitudinal trends in alternative postsecondary learning},
    author    = {Vandivier, John},
    journal   = {Applied Economics Letters},
    pages     = {1--4},
    year      = {2020},
    publisher = {Taylor \& Francis}
}
